@book{Fecko_2006, 
  place={Cambridge},
  title={Differential Geometry and Lie Groups for Physicists},
  publisher={Cambridge University Press}, author={Fecko, M.},
  year={2006},
  doi={https://doi.org/10.1017/CBO9780511755590}
} 

@book{Schutz_1980, 
  place={Cambridge}, 
  title={Geometrical Methods of Mathematical Physics}, 
  publisher={Cambridge University Press}, 
  author={Schutz, B. F.}, 
  year={1980},
  doi={https://doi.org/10.1017/CBO9781139171540}
}

 @book{da2001lectures,
  title={Lectures on Symplectic Geometry},
  author={da Silva, A.C.},
  number={No. 1764},
  isbn={9783540421955},
  lccn={2008924358},
  series={Lecture Notes in Mathematics},
  year={2001},
  publisher={Springer}
}

@book{arnold2010metodi,
  title={Metodi matematici della meccanica classica},
  author={Arnold, V.I. and Bernieri, R. and Tirozzi, B.},
  isbn={9788864732046},
  year={2010},
  publisher={Editori Riuniti University Press}
}
